@article{Kaggle,
      author         = "Jigsaw, Google  and Kaggle",
      title          = "\href{https://www.kaggle.com/c/jigsaw-toxic-comment-classification-challenge/overview}
      			{Toxic comment classification challenge}",
}


@article{Udacity,
      author         = "Udacity",
      title          = "\href{https://www.udacity.com/course/machine-learning-engineer-nanodegree--nd009t}
      			{Machine Learning Engineering Nanodegree}",
}

@article{NG,
      author         = "Andrew NG",
      title          = "\href{https://www.coursera.org/learn/nlp-sequence-models}
      			{Sequence Models}",
}

@article{BT,
      author         = "Ben Trevett ",
      title          = "\href{https://github.com/bentrevett/pytorch-sentiment-analysis}
      {Tutorials on  PyTorch and TorchText for sentiment analysis}",
}

@article{Spicy,
      author         = "spacy.io ",
      title          = "\href{https://spacy.io/}
      			{Industrial-Strength Natural Language Processing}",
}

@article{Focal,
      author         = "Tsung-Yi Lin, et. al.",
      title          = "\href{https://arxiv.org/abs/1708.02002}
      			{Focal Loss for Dense Object Detection}",
}


@article{Torchtext,
      author         = "Pytorch",
      title          = "\href{https://torchtext.readthedocs.io/en/latest/}
            {Torchtext package}",
}



@article{Glove,
      author         = "Google",
      title          = "\href{https://nlp.stanford.edu/projects/glove/}
            {Glove}",
}

